<?xml version="1.0" encoding="UTF-8"?>
  <record xmlns="http://www.loc.gov/MARC21/slim" type="Authority">
    <leader>00000nz  a2200000nc 4500</leader>
    <controlfield tag="001">104319631</controlfield>
    <controlfield tag="003">DE-101</controlfield>
    <controlfield tag="005">20180516081723.0</controlfield>
    <controlfield tag="008">970115n||aznnnaabn           | aaa    |c</controlfield>
    <datafield tag="024" ind1="7" ind2=" ">
      <subfield code="a">104319631</subfield>
      <subfield code="0">http://d-nb.info/gnd/104319631</subfield>
      <subfield code="2">gnd</subfield>
    </datafield>
    <datafield tag="035" ind1=" " ind2=" ">
      <subfield code="a">(DE-101)104319631</subfield>
    </datafield>
    <datafield tag="035" ind1=" " ind2=" ">
      <subfield code="a">(DE-588)104319631</subfield>
    </datafield>
    <datafield tag="035" ind1=" " ind2=" ">
      <subfield code="z">(DE-588a)104319631</subfield>
      <subfield code="9">v:zg</subfield>
    </datafield>
    <datafield tag="040" ind1=" " ind2=" ">
      <subfield code="a">DE-12</subfield>
      <subfield code="c">DE-12</subfield>
      <subfield code="9">r:DE-12</subfield>
      <subfield code="b">ger</subfield>
      <subfield code="d">1841</subfield>
    </datafield>
    <datafield tag="042" ind1=" " ind2=" ">
      <subfield code="a">gnd1</subfield>
    </datafield>
    <datafield tag="043" ind1=" " ind2=" ">
      <subfield code="c">XA-DE</subfield>
    </datafield>
    <datafield tag="075" ind1=" " ind2=" ">
      <subfield code="b">p</subfield>
      <subfield code="2">gndgen</subfield>
    </datafield>
    <datafield tag="075" ind1=" " ind2=" ">
      <subfield code="b">piz</subfield>
      <subfield code="2">gndspec</subfield>
    </datafield>
    <datafield tag="079" ind1=" " ind2=" ">
      <subfield code="a">g</subfield>
      <subfield code="q">a</subfield>
      <subfield code="q">f</subfield>
    </datafield>
    <datafield tag="100" ind1="0" ind2=" ">
      <subfield code="a">Dorothea Susanna</subfield>
      <subfield code="c">Schwarzburg-Rudolstadt, Gräfin</subfield>
      <subfield code="d">1587-1662</subfield>
    </datafield>
    <datafield tag="375" ind1=" " ind2=" ">
      <subfield code="a">2</subfield>
      <subfield code="2">iso5218</subfield>
    </datafield>
    <datafield tag="400" ind1="0" ind2=" ">
      <subfield code="a">Dorothea Susanne</subfield>
      <subfield code="c">Schwarzburg, Gräfin</subfield>
      <subfield code="d">1587-1662</subfield>
    </datafield>
    <datafield tag="400" ind1="0" ind2=" ">
      <subfield code="a">Dorothee Susanne</subfield>
      <subfield code="c">Schwarzburg, Gräfin</subfield>
      <subfield code="d">1587-1662</subfield>
    </datafield>
    <datafield tag="400" ind1="0" ind2=" ">
      <subfield code="a">Dorothea Susanna</subfield>
      <subfield code="c">Schwartzburg, Gräfin</subfield>
      <subfield code="d">1587-1662</subfield>
    </datafield>
    <datafield tag="400" ind1="0" ind2=" ">
      <subfield code="a">Dorothea Susanna</subfield>
      <subfield code="c">Hohenstein, Gräfin</subfield>
      <subfield code="d">1587-1662</subfield>
    </datafield>
    <datafield tag="400" ind1="0" ind2=" ">
      <subfield code="a">Dorothea Susanna</subfield>
      <subfield code="c">Hohnstein, Gräfin</subfield>
      <subfield code="d">1587-1662</subfield>
    </datafield>
    <datafield tag="400" ind1="1" ind2=" ">
      <subfield code="a">Hohenstein, Dorothea Susanna &#152;zu&#156;</subfield>
      <subfield code="d">1587-1662</subfield>
    </datafield>
    <datafield tag="400" ind1="1" ind2=" ">
      <subfield code="a">Hohnstein, Dorothea Susanna &#152;zu&#156;</subfield>
      <subfield code="d">1587-1662</subfield>
    </datafield>
    <datafield tag="400" ind1="1" ind2=" ">
      <subfield code="a">Arnstadt, Dorothea Susanna &#152;zu&#156;</subfield>
      <subfield code="d">1587-1662</subfield>
    </datafield>
    <datafield tag="400" ind1="1" ind2=" ">
      <subfield code="a">Sondershausen, Dorothea Susanna &#152;zu&#156;</subfield>
      <subfield code="d">1587-1662</subfield>
    </datafield>
    <datafield tag="400" ind1="1" ind2=" ">
      <subfield code="a">Leutenberg, Dorothea Susanna &#152;zu&#156;</subfield>
      <subfield code="d">1587-1662</subfield>
    </datafield>
    <datafield tag="400" ind1="1" ind2=" ">
      <subfield code="a">Lohra, Dorothea Susanna &#152;zu&#156;</subfield>
      <subfield code="d">1587-1662</subfield>
    </datafield>
    <datafield tag="400" ind1="1" ind2=" ">
      <subfield code="a">Clettenberg, Dorothea Susanna &#152;zu&#156;</subfield>
      <subfield code="d">1587-1662</subfield>
    </datafield>
    <datafield tag="400" ind1="1" ind2=" ">
      <subfield code="a">Klettenberg, Dorothea Susanna &#152;zu&#156;</subfield>
      <subfield code="d">1587-1662</subfield>
    </datafield>
    <datafield tag="400" ind1="0" ind2=" ">
      <subfield code="a">Dorothea Susanna</subfield>
      <subfield code="c">zu Arnstadt</subfield>
      <subfield code="d">1587-1662</subfield>
    </datafield>
    <datafield tag="400" ind1="0" ind2=" ">
      <subfield code="a">Dorothea Susanna</subfield>
      <subfield code="c">zu Sondershausen</subfield>
      <subfield code="d">1587-1662</subfield>
    </datafield>
    <datafield tag="400" ind1="0" ind2=" ">
      <subfield code="a">Dorothea Susanna</subfield>
      <subfield code="c">zu Leutenberg</subfield>
      <subfield code="d">1587-1662</subfield>
    </datafield>
    <datafield tag="400" ind1="0" ind2=" ">
      <subfield code="a">Dorothea Susanna</subfield>
      <subfield code="c">zu Lohra</subfield>
      <subfield code="d">1587-1662</subfield>
    </datafield>
    <datafield tag="400" ind1="0" ind2=" ">
      <subfield code="a">Dorothea Susanna</subfield>
      <subfield code="c">zu Clettenberg</subfield>
      <subfield code="d">1587-1662</subfield>
    </datafield>
    <datafield tag="400" ind1="0" ind2=" ">
      <subfield code="a">Dorothea Susanna</subfield>
      <subfield code="c">zu Klettenberg</subfield>
      <subfield code="d">1587-1662</subfield>
    </datafield>
    <datafield tag="548" ind1=" " ind2=" ">
      <subfield code="a">1587-1662</subfield>
      <subfield code="4">datl</subfield>
      <subfield code="4">https://d-nb.info/standards/elementset/gnd#dateOfBirthAndDeath</subfield>
      <subfield code="w">r</subfield>
      <subfield code="i">Lebensdaten</subfield>
    </datafield>
    <datafield tag="667" ind1=" " ind2=" ">
      <subfield code="a">3</subfield>
    </datafield>
    <datafield tag="667" ind1=" " ind2=" ">
      <subfield code="a">VD-17</subfield>
    </datafield>
    <datafield tag="670" ind1=" " ind2=" ">
      <subfield code="a">Europ. Stammtaf., 162</subfield>
    </datafield>
    <datafield tag="672" ind1=" " ind2="0">
      <subfield code="a">Söffing, Justus: Schönster Christen-Wunsch ... - 1664</subfield>
    </datafield>
    <datafield tag="678" ind1=" " ind2=" ">
      <subfield code="b">Tochter des Grafen Albrecht von Schwarzburg</subfield>
    </datafield>
    <datafield tag="913" ind1=" " ind2=" ">
      <subfield code="S">pnd</subfield>
      <subfield code="i">5</subfield>
      <subfield code="a">Dorothea Susanna &lt;Schwarzburg-Rudolstadt, Gräfin&gt;</subfield>
      <subfield code="0">(DE-588a)104319631</subfield>
    </datafield>
  </record>
